<?xml version="1.0" encoding="UTF-8"?><collection xmlns="http://www.loc.gov/MARC21/slim"><record><leader>00352nam--2200109-i-4500</leader><controlfield tag="001">000038694</controlfield><controlfield tag="002">20161230</controlfield><controlfield tag="005">20161230201041</controlfield><controlfield tag="008">060222s1000------------r-----000-0-eng-d</controlfield><datafield ind1=" " ind2=" " tag="245"><subfield code="a">Rlegles pour la mesure de la tension d`essai aux frequences industrielles dans les assais dielectriques..</subfield></datafield><datafield ind1=" " ind2=" " tag="260"><subfield code="a">Geneve, Cei, 1953 (Premiere Ed.1953). 15 P</subfield></datafield><datafield ind1=" " ind2=" " tag="852"><subfield code="a">12253</subfield></datafield></record></collection>